@article{perkins:1991,
  title={Effects of nicotine on perceived exertion during low-intensity activity.},
  author={Perkins, Kenneth A and Sexton, Joan E and Solberg-Kassel, Rena D and Epstein, Leonard H},
  journal={Medicine \& Science in Sports \& Exercise},
  year={1991},
  publisher={Lippincott Williams \& Wilkins}
}

@book{newbold:2003,
	Author = {Newbold, Paul and Carlson, William Lee and Thorne, Betty},
	Booktitle = {Statistics for Business and Economics},
	Publisher = {Pearson College Division},
	Title = {Statistics for Business and Economics},
	Year = {2003}}

@book{ozsoy:2010,
	Author = {\"Ozsoy, Onur},
	Booktitle = {Iktisat{\c{c}}{\i}lar ve \.I{\c{s}}letmeciler \.I{\c{c}}in \.Istatistik},
	Publisher = {Ankara: Siyasal Kitabevi},
	Title = {\.Iktisat{\c{c}}{\i}lar ve \.I{\c{s}}letmeciler \.I{\c{c}}in \.Istatistik, (3. Bask{\i})},
	Year = {2010}}

@book{ozsoy:2014,
	Author = {\"Ozsoy, Onur},
	Booktitle = {Soru ve Yanıtlarla İstatistik},
	Publisher = {Ankara: Turhan Kitabevi},
	Title = {Soru ve Yanıtlarla İstatistik},
	Year = {2014}}

@article{aydinonat:2007,
	Author = {Aydınonat, N. Emrah},
	Title = {İktisat Öğrencileri için Ödev Yazma Kılavuzu},
	url = {http://iktisat.cu.edu.tr/tr/Belgeler/Formlar/Bitirme%20Projesi%20Ödev%20Hazırlama%20Rehberi/N.%20Emrah%20AYDINONAT%20(2006)%20Ödev%20Rehberi.pdf},
	Year = {2007}}

@book{smith1937wealth,
  title={The wealth of nations [1776]},
  author={Smith, Adam},
  volume={11937},
  year={1937},
  publisher={na}
}


@article{ozgur2020immigration,
  title={Immigration, Residential Segregation and Integration: An Assessment for Turkish Cities},
  author={{\"O}ZG{\"U}R, ERTU{\u{G}}RUL},
  journal={JOURNAL OF GEOGRAPHY-COGRAFYA DERGISI},
  number={41},
year={2020}
}

@article{tunga2020literature,
  title={A Literature review on the issues encountered in educating Syrian children in Turkey},
  author={Tunga, Yeliz and Engin, Gizem and {\c{C}}a{\u{g}}{\i}ltay, K{\"u}r{\c{s}}at},
  year={2020},
  publisher={{\.I}n{\"o}n{\"u} {\"U}niversitesi E{\u{g}}itim Fak{\"u}ltesi}
}

@article{gun2008turkiye,
  title={T{\"u}rkiye'de i{\c{c}} g{\"o}{\c{c}}{\"u}n ergenlerin uyumundaki rol{\"u}.},
  author={G{\"u}n, Z{\"u}beyit and Bayraktar, Fatih},
  journal={Turk Psikiyatri Dergisi},
  volume={19},
  number={2},
year={2008}
}

@inproceedings{bacsel2007turkiye,
  title={T{\"u}rkiye'de n{\"u}fus hareketlerinin ve i{\c{c}} g{\"o}{\c{c}}{\"u}n nedenleri},
  author={Ba{\c{s}}el, Halis},
  booktitle={Journal of Social Policy Conferences},
  number={53},
  pages={515--542},
year={2007}
}